@manual{BT:MARKET_RESEARCH,
    title = {Bluetooth Market Update 2019},
    organization = "Bluetooth SIG",
    note = {{White Paper}},
    year = 2018,
}

@manual{BT:CORE_SPEC,
    title = {Bluetooth Core Specification v5.1},
    organization = "Bluetooth SIG",
    note = {{Specification}},
    year = 2019,
    month = 01,
    day = 21
}

@article{BT:LE_OVERVIEW,
author = {Gomez, Carles and Oller Bosch, Joaquim and Paradells, Josep},
year = {2012},
month = {12},
pages = {11734-53},
title = {Overview and Evaluation of Bluetooth Low Energy: An Emerging Low-Power Wireless Technology},
volume = {12},
journal = {Sensors (Basel, Switzerland)},
doi = {10.3390/s120911734}
}

@article{BT:TRACK_USE_CASE,
author = {Lin, You-Wei and Lin, Chi-Yi},
year = {2018},
month = {05},
pages = {1637},
title = {An Interactive Real-Time Locating System Based on Bluetooth Low-Energy Beacon Network â€ },
volume = {18},
journal = {Sensors},
doi = {10.3390/s18051637}
}